%
%  Vzor bibliografické databáze pro automatickou tvorbu seznamu referencí
%  pomocí BibTeXu
%
%  Doporučený software pro správu databáze literatury formátu *.bib:
%    JabRef, http://jabref.sourceforge.net/
%
%  POZOR:
%
%    *  Písmena v názvech publikací, jež je třeba tisknout vždy velká, se musejí psát
%       do složených závorek ({T}hailand, {HIV})
%
%  ===========================================================================


@article{unitTestingPerformanceStudy,
    author = {Bulej, Lubomír and Bureš, Tomáš and Horký, Vojtěch and Kotrč, Jaroslav and Marek, Lukáš and Trojánek, Tomáš and Tůma, Petr},
    title = {Unit Testing Performance with Stochastic Performance Logic},
    journal = {Automated Software Engineering},
    volume = {24},
    number = {1},
    pages = {139--187},
    year = {2017},
    doi = {10.1007/s10515-015-0188-0}
}

@inproceedings{unitTestingPerformanceSurvey,
    author = {Stefan, Petr and Horký, Vojtěch and Bulej, Lubomír and Tůma, Petr},
    title = {Unit Testing Performance in Java Projects: Are We There Yet?},
    booktitle = {Proc. 8th ACM/SPEC Intl. Conf. on Performance Engineering (ICPE)},
    pages = {401--412},
    year = {2017},
    isbn = {978-1-4503-4404-3},
    doi = {10.1145/3030207.3030226}
}

@misc{benchmarkDotNet,
	title = {dotnet/{BenchmarkDotNet}},
	copyright = {MIT},
	url = {https://github.com/dotnet/BenchmarkDotNet},
	abstract = {Powerful .NET library for benchmarking},
	urldate = {2024-02-23},
	publisher = {.NET Platform},
	author = {Akinshin, Andrey},
	month = feb,
	year = {2024},
	note = {original-date: 2013-08-18T06:17:48Z},
	keywords = {benchmark, benchmarking, c-sharp, csharp, dotnet, hacktoberfest, performance},
}

@misc{jmh,
	title = {openjdk/jmh},
	copyright = {GPL-2.0},
	url = {https://github.com/openjdk/jmh},
	abstract = {https://openjdk.org/projects/code-tools/jmh},
	urldate = {2024-02-23},
	publisher = {OpenJDK},
	author = {Shipilëv, Aleksey},
	month = feb,
	year = {2024},
	note = {original-date: 2019-05-15T06:47:19Z},
}

@misc{criterion,
	title = {criterion - {Rust}},
	url = {https://docs.rs/criterion/latest/criterion/index.html},
	urldate = {2024-02-23},
	author = {Heisler, Brook},
	year         = {2024},
	file = {criterion - Rust:C\:\\Users\\domin\\Zotero\\storage\\N7PU7QS6\\index.html:text/html},
}

@misc{samal_nmai059_nodate,
	title = {{NMAI059} {Pravděpodobnost} a statistika 1},
	language = {cs},
	author = {Šámal, Robert},
	month = jun,
	year = {2023},
	url = {https://iuuk.mff.cuni.cz/~samal/vyuka/2223/PSt1/skripta.pdf},
	urldate = {2024-02-23},
	file = {Šámal - NMAI059 Pravdeˇpodobnost a statistika.pdf:C\:\\Users\\domin\\Zotero\\storage\\SZY7BIUN\\Šámal - NMAI059 Pravdeˇpodobnost a statistika.pdf:application/pdf},
}

@misc{twosampletests,
	author       = {Turčicová, Marie},
	title        = {Dvouvýběrové testy},
	language = {cs},
	year         = {2021},
	url = {https://www.karlin.mff.cuni.cz/~turcic/Dvouvyberove_testy.pdf},
	urldate = {2024-02-23},
	file = {Dvouvyberove_testy.pdf:C:\\Users\\domin\\Zotero\\storage\\VB99QKNW\\Dvouvyberove_testy.pdf:application/pdf},
}


@misc{crateDB,
	title = {crate},
	copyright = {Apache-2.0},
	url = {https://github.com/crate/crate},
	abstract = {CrateDB is a distributed and scalable SQL database for storing and analyzing massive amounts of data in near real-time, even with complex queries. It is PostgreSQL-compatible, and based on Lucene.},
	urldate = {2024-03-04},
	publisher = {CrateDB},
	author = {Lutz, Christian and Dorn, Bernd and Batlogg, Jodok},
	month = mar,
	year = {2024},
	note = {original-date: 2013-04-10T09:17:16Z},
	keywords = {analytics, big-data, cluster, cratedb, database, dbms, distributed, distributed-database, distributed-sql-database, elasticsearch, industrial-iot, iot, iot-analytics, iot-database, lucene, olap, postgresql, sql, time-series, tsdb},
}
